
@misc{koch2024a,
  author       = {Fernando Koch},
  title        = {{edu-book: LaTeX Style for Simple Textbooks}},
  year         = {2024},
  howpublished = {https://github.com/kochf1/edu-book}
}
